<record><leader>01757cjm a2200385 a 4500</leader><controlfield tag="001">1303996</controlfield><controlfield tag="007">sd bsmennmpluu</controlfield><controlfield tag="008">900726q19851988xxcmunn             eng d</controlfield><datafield ind1=" " ind2=" " tag="010"><subfield code="a">   88754220 /R</subfield></datafield><datafield ind1="0" ind2="1" tag="028"><subfield code="a">WRC1-5471</subfield><subfield code="b">Eckhardt-Gramatt&#233; Foundation</subfield></datafield><datafield ind1="0" ind2="1" tag="028"><subfield code="a">5471</subfield><subfield code="b">Eckhardt-Gramatt&#233; Foundation</subfield></datafield><datafield ind1=" " ind2=" " tag="035"><subfield code="a">ocm19520790</subfield></datafield><datafield ind1=" " ind2=" " tag="040"><subfield code="a">DLC</subfield><subfield code="b">eng</subfield><subfield code="c">DLC</subfield></datafield><datafield ind1=" " ind2=" " tag="047"><subfield code="a">nc</subfield><subfield code="a">vr</subfield></datafield><datafield ind1=" " ind2=" " tag="048"><subfield code="a">ka01</subfield></datafield><datafield ind1=" " ind2=" " tag="049"><subfield code="a">AEU</subfield><subfield code="b">eng</subfield></datafield><datafield ind1="1" ind2="0" tag="050"><subfield code="a">M21</subfield></datafield><datafield ind1="0" ind2=" " tag="090"><subfield code="a">M 21 B14 R759 1985</subfield></datafield><datafield ind1="1" ind2=" " tag="100"><subfield code="a">Baerg, Irmgard,</subfield><subfield code="d">1942- ,</subfield><subfield code="e">performer.</subfield></datafield><datafield ind1="1" ind2="0" tag="245"><subfield code="a">Romantic works</subfield><subfield code="h">[sound recording] /</subfield><subfield code="c">by S.C. Eckhardt-Gramatt&#233;, Robert Schumann, Fr&#233;d&#233;ric Chopin.</subfield></datafield><datafield ind1=" " ind2=" " tag="260"><subfield code="a">[Canada] :</subfield><subfield code="b">Eckhardt-Gramatt&#233; Foundation,</subfield><subfield code="c">[between 1985 and 1988]</subfield></datafield><datafield ind1=" " ind2=" " tag="300"><subfield code="a">1 sound disc :</subfield><subfield code="b">analog, 33 1/3 rpm, stereo. ;</subfield><subfield code="c">12 in.</subfield></datafield><datafield ind1=" " ind2=" " tag="336"><subfield code="a">performed music</subfield><subfield code="b">prm</subfield><subfield code="2">rdacontent</subfield></datafield><datafield ind1=" " ind2=" " tag="337"><subfield code="a">audio</subfield><subfield code="b">s</subfield><subfield code="2">rdamedia</subfield></datafield><datafield ind1=" " ind2=" " tag="338"><subfield code="a">audio disc</subfield><subfield code="b">sd</subfield><subfield code="2">rdacarrier</subfield></datafield><datafield ind1=" " ind2=" " tag="500"><subfield code="a">Eckhardt-Gramatt&#233; Foundation: WRC1-5471.</subfield></datafield><datafield ind1="0" ind2=" " tag="505"><subfield code="a">Nocturne (5:47) ; B&#244;ite a surprise (2:02) ; Introduction and variations on a theme from my childhood (18:50) / S.C. Eckhardt-Gramatt&#233; -- Papillons : op. 2 / Robert Schumann (16:30) -- Ballade in F minor / Fr&#233;d&#233;ric Chopin (10:51).</subfield></datafield><datafield ind1="0" ind2=" " tag="511"><subfield code="a">Irmgard Baerg, piano.</subfield></datafield><datafield ind1=" " ind2=" " tag="518"><subfield code="a">Recorded at Humbercrest United Church, Toronto, Ont.</subfield></datafield><datafield ind1=" " ind2=" " tag="596"><subfield code="a">38</subfield></datafield><datafield ind1=" " ind2="0" tag="650"><subfield code="a">Piano music.</subfield></datafield><datafield ind1="1" ind2="2" tag="700"><subfield code="a">Eckhardt-Gramatt&#233;, S. C.</subfield><subfield code="q">(Sophie-Carmen),</subfield><subfield code="d">1899-1974.</subfield><subfield code="t">Piano music.</subfield><subfield code="k">Selections.</subfield></datafield><datafield ind1="1" ind2="2" tag="700"><subfield code="a">Schumann, Robert,</subfield><subfield code="d">1810-1856.</subfield><subfield code="t">Papillons.</subfield></datafield><datafield ind1="1" ind2="2" tag="700"><subfield code="a">Chopin, Fr&#233;d&#233;ric,</subfield><subfield code="d">1810-1849.</subfield><subfield code="t">Ballades,</subfield><subfield code="m">piano,</subfield><subfield code="n">no. 4, op. 52,</subfield><subfield code="r">F minor.</subfield></datafield><datafield ind1=" " ind2=" " tag="926"><subfield code="a">M 21 B14 R759 1985</subfield><subfield code="w">LC</subfield><subfield code="c">1</subfield><subfield code="i">000033125618</subfield><subfield code="d">11/25/2002</subfield><subfield code="l">ON_SHELF</subfield><subfield code="m">UABARD</subfield><subfield code="n">2</subfield><subfield code="p">$150.00</subfield><subfield code="r">Y</subfield><subfield code="s">Y</subfield><subfield code="t">MUSICSOUND</subfield><subfield code="u">7/30/1990</subfield><subfield code="o">.STAFF. B0053792</subfield></datafield></record>